<collection xmlns="http://www.loc.gov/MARC21/slim"><record><leader>00797nam  2200229   450</leader><controlfield tag="001">501</controlfield><controlfield tag="003">http://montalegre.opacnet.com/OPAC/default.aspx?ContentAreaControl=ShowRegHoldings.ascx&amp;RegNo=16662</controlfield><datafield tag="095" ind1=" " ind2=" "><subfield code="a">PTBN00025459</subfield></datafield><datafield tag="100" ind1=" " ind2=" "><subfield code="a">20061013d1986    k  y0pora010305  ba</subfield></datafield><datafield tag="101" ind1="1" ind2=" "><subfield code="a">por</subfield><subfield code="c">fre</subfield></datafield><datafield tag="102" ind1=" " ind2=" "><subfield code="a">PT</subfield></datafield><datafield tag="200" ind1="1" ind2=" "><subfield code="a">&lt;O &gt;corcunda ou o pequeno parisiense</subfield><subfield code="f">Paul Féval</subfield><subfield code="g">trad. Franco de Sousa</subfield></datafield><datafield tag="210" ind1=" " ind2=" "><subfield code="a">Mem Martins</subfield><subfield code="c">Europa-América</subfield><subfield code="d">[D.L. 1986]-</subfield></datafield><datafield tag="215" ind1=" " ind2=" "><subfield code="a">v</subfield><subfield code="d">18 cm</subfield></datafield><datafield tag="225" ind1="2" ind2=" "><subfield code="a">Livros de bolso Europa-América</subfield><subfield code="v">446</subfield></datafield><datafield tag="304" ind1=" " ind2=" "><subfield code="a">Tit. orig. Le Bossu</subfield></datafield><datafield tag="675" ind1=" " ind2=" "><subfield code="a">821</subfield><subfield code="v">BN</subfield><subfield code="z">por</subfield></datafield><datafield tag="700" ind1=" " ind2="1"><subfield code="a">Féval</subfield><subfield code="b">Paul</subfield><subfield code="f">1816-1887</subfield></datafield><datafield tag="702" ind1=" " ind2="1"><subfield code="a">Sousa</subfield><subfield code="b">Franco de</subfield><subfield code="f">1926-1993</subfield><subfield code="4">730</subfield></datafield><datafield tag="801" ind1=" " ind2="0"><subfield code="a">PT</subfield><subfield code="b">Biblioteca Municipal de Montalegre</subfield><subfield code="g">RPC</subfield></datafield><datafield tag="856" ind1=" " ind2=" "><subfield code="u">locateMedia.asp?cod=20060517153725&amp;ext=jpg</subfield><subfield code="z">CAPA</subfield></datafield><datafield tag="909" ind1="&#9;" ind2=" "><subfield code="a">2</subfield></datafield><datafield tag="966" ind1=" " ind2=" "><subfield code="a">0005320</subfield><subfield code="l">BMM</subfield><subfield code="s">SCG 821 FÉV cor 446</subfield></datafield><datafield tag="966" ind1=" " ind2=" "><subfield code="a">0003182</subfield><subfield code="l">BMM</subfield><subfield code="s">SCG 821FÉV cor 446</subfield></datafield></record></collection>